@inbook{wimmer19,
author = {Wimmer, Raphael and Schmid, Andreas and Bockes, Florian},
title = {On the Latency of USB-Connected Input Devices},
year = {2019},
isbn = {9781450359702},
publisher = {Association for Computing Machinery},
address = {New York, NY, USA},
url = {https://doi.org/10.1145/3290605.3300650},
abstract = {We propose a method for accurately and precisely measuring the intrinsic latency of input devices and document measurements for 36 keyboards, mice and gamepads connected via USB. Our research shows that devices differ not only in average latency, but also in the distribution of their latencies, and that forced polling at 1000 Hz decreases latency for some but not all devices. Existing practices - measuring end-to-end latency as a proxy of input latency and reporting only mean values and standard deviations - hide these characteristic latency distributions caused by device intrinsics and polling rates. A probabilistic model of input device latency demonstrates these issues and matches our measurements. Thus, our work offers guidance for researchers, engineers, and hobbyists who want to measure the latency of input devices or select devices with low latency.},
booktitle = {Proceedings of the 2019 CHI Conference on Human Factors in Computing Systems},
pages = {1–12},
numpages = {12}
}
@manual{radar-datasheet,
    organization={Texas Instruments},
    title={IWR6843, IWR6443 Single-Chip 60- to 64-GHz mmWave Sensor},
    number={SWES219E},
    year={2021},
    month={6},
    url={https://www.ti.com/lit/ds/swrs219e/swrs219e.pdf?ts=1644128189710},
    urldate={2023-02-05},
}
@manual{.mat-spec,
    organization={Mathworks},
    title={MAT-File Format},
    number={2021b},
    year={2021},
    month={9},
    url={https://www.mathworks.com/help/pdf_doc/matlab/matfile_format.pdf},
    urldate={2023-02-05},
}
@online{mat-api,
    author={MathWorks},
    title={MATLAB Data API},
    year={2021},
    url={https://se.mathworks.com/help/matlab/matlab-data-array.html},
    urldate={2022-02-10},
}
@online{mmwave-studio,
    author={Texas Instruments},
    title={MMWAVE-STUDIO},
    url={https://software-dl.ti.com/ra-processors/esd/MMWAVE-STUDIO/latest/index_FDS.html},
    urldate={2023-03-07},
}
@manual{ti-iwr-user-guide,
    organization={Texas Instruments},
    title={User’s Guide: 60GHz mmWave Sensor EVMs},
    number={SWRU546E},
    year={2022},
    month={5},
    url={https://www.ti.com/lit/ug/swru546e/swru546e.pdf},
    urldate={2023-02-05},
}
@manual{mmwave-sdk-user-guide,
    organization={Texas Instruments},
    title={MMWAVE SDK User Guide},
    year={2020},
    month={11},
    url={https://dr-download.ti.com/software-development/software-development-kit-sdk/MD-PIrUeCYr3X/03.06.00.00-LTS/mmwave_sdk_user_guide.pdf},
    urldate={2023-02-05},
}
@manual{realsense-datasheet,
    organization={Intel},
    title={Intel\textsuperscript{\textregistered} RealSense\textsuperscript{TM} Product Family D400 Series Datasheet},
    number={337029-013},
    year={2022},
    month={11},
    url={https://www.intelrealsense.com/wp-content/uploads/2022/11/Intel-RealSense-D400-Series-Datasheet-November-2022.pdf},
    urldate={2023-02-05},
}
@manual{dca1000-user-guide,
    organization={Texas Instruments},
    title={DCA1000EVM Data Capture Card User's Guide},
    number={SPRUIJ4A},
    year={2019},
    month={5},
    url={https://www.ti.com/lit/ug/spruij4a/spruij4a.pdf},
    urldate={2023-02-05},
}
@manual{dca1000-quick-start,
    organization={Texas Instruments},
    title={DCA1000EVM Quick Start Guide},
    number={SPRUIK7},
    year={2018},
    month={5},
    url={https://www.ti.com/lit/ug/spruik7/spruik7.pdf},
    urldate={2023-03-07},
}
@manual{dca1000-raw-data-capture,
    organization={Texas Instruments},
    title={Mmwave Radar Device ADC Raw Data Capture},
    number={SWRA581B},
    year={2018},
    month={10},
    url={https://www.ti.com/lit/an/swra581b/swra581b.pdf},
    urldate={2023-02-05},
}
@manual{dca1000-cli-developer-guide,
    organization={Texas Instruments},
    title={DCA1000EVM CLI Software Developer Guide},
    year={2019},
    month={4},
    version={1.01},
    url={https://www.ti.com/lit/an/swra581b/swra581b.pdf},
    urldate={2023-02-05},
}
@manual{grid-eye-manual,
    organization={Panasonic},
    title={User Manual: Grid-EYE Evaluation Kit},
    url={https://api.pim.na.industrial.panasonic.com/file_stream/main/fileversion/4712},
    urldate={2023-02-05},
}
@manual{grid-eye-protocol,
    organization={Panasonic},
    title={Communication Protocol},
    url={https://api.pim.na.industrial.panasonic.com/file_stream/main/fileversion/4710},
    urldate={2023-02-05},
}
@ARTICLE{bumblebee-micro-doppler-har,
  author={Çağlıyan, Bahri and Gürbüz, Sevgi Zübeyde},
  journal={IEEE Geoscience and Remote Sensing Letters}, 
  title={Micro-Doppler-Based Human Activity Classification Using the Mote-Scale BumbleBee Radar}, 
  year={2015},
  volume={12},
  number={10},
  pages={2135-2139},
  doi={10.1109/LGRS.2015.2452946}
}
@article{moore98,
  title={Cramming more components onto integrated circuits},
  author={Moore, Gordon E},
  journal={Proceedings of the IEEE},
  volume={86},
  number={1},
  pages={82--85},
  year={1998},
  publisher={IEEE}
}
@INPROCEEDINGS{grid-eye-posture,
  author={Adolf, Jindrich and Macas, Martin and Lhotska, Lenka and Dolezal, Jaromir},
  booktitle={2018 IEEE International Conference on Bioinformatics and Biomedicine (BIBM)}, 
  title={Deep neural network based body posture recognitions and fall detection from low resolution infrared array sensor}, 
  year={2018},
  volume={},
  number={},
  pages={2394-2399},
  doi={10.1109/BIBM.2018.8621582}
}
@misc{librealsense2,
  author={Intel},
  title={librealsense2},
  howpublished={GitHub repository},
  month={12},
  year={2022},
  url={https://github.com/IntelRealSense/librealsense},
  note={b874e42},
}
@manual{librealsense2-python-docs,
    organization={Intel},
    title={pyrealsense2: Librealsense\textsuperscript{TM} Python Bindings},
    year={2017},
    url={https://intelrealsense.github.io/librealsense/python_docs/_generated/pyrealsense2.html},
    urldate={2023-02-05},
}
@online{sounddevice-docs,
    title={SoundDevice: Play and Record Sound with Python},
    url={https://python-sounddevice.readthedocs.io/en/0.4.5/},
    urldate={2023-02-07},
}
@online{sounddevice-docs-stream,
    title={SoundDevice: Streams using NumPy Arrays},
    url={https://python-sounddevice.readthedocs.io/en/0.4.6/api/streams.html#sounddevice.Stream},
    urldate={2023-03-13},
}
@online{python-soundfile,
    title={Soundfile},
    url={https://pypi.org/project/soundfile/},
    urldate={2023-05-21},
}
@online{python-contextmanager,
    title={Python: With Statement Context Managers},
    url={https://docs.python.org/3/reference/datamodel.html#context-managers},
    urldate={2023-03-13}
}
@ARTICLE{sensing-survey,
  author={Fu, Biying and Damer, Naser and Kirchbuchner, Florian and Kuijper, Arjan},
  journal={IEEE Access}, 
  title={Sensing Technology for Human Activity Recognition: A Comprehensive Survey}, 
  year={2020},
  volume={8},
  number={},
  pages={83791-83820},
  doi={10.1109/ACCESS.2020.2991891}
}
@inproceedings{10.1145/2632048.2636084,
author = {Hevesi, Peter and Wille, Sebastian and Pirkl, Gerald and Wehn, Norbert and Lukowicz, Paul},
title = {Monitoring Household Activities and User Location with a Cheap, Unobtrusive Thermal Sensor Array},
year = {2014},
isbn = {9781450329682},
publisher = {Association for Computing Machinery},
address = {New York, NY, USA},
url = {https://doi.org/10.1145/2632048.2636084},
doi = {10.1145/2632048.2636084},
abstract = {We demonstrate that a cheap (30USD) small, low power 8x8 thermal sensor array can by itself provide a broad range of information relevant for human activity monitoring in home and office environments. In particular the sensor can track people with an accuracy in the range of 1m (which is sufficient to recognize activity relevant regions), detect the operation mode of various appliances such as toaster, water cooker or egg cooker and actions such as opening a refrigerator, the oven or taking a shower. While there are sensing modalities for each of the above types of information (e.g. current sensors for appliances) the fact that they can all be detected by such a simple sensor is highly relevant for practical activity recognition systems. Compared to vision (or thermal imaging systems) the system has the advantage is being less privacy invasive allowing it for example to monitor bathroom activities (as shown in one of our evaluation scenarios). The paper describes the sensor, the methods used for activity detection and the evaluation.},
booktitle = {Proceedings of the 2014 ACM International Joint Conference on Pervasive and Ubiquitous Computing},
pages = {141–145},
numpages = {5},
keywords = {thermal sensor, activity recognition, household monitoring},
location = {Seattle, Washington},
series = {UbiComp '14}
}
@ARTICLE{white87,
  author={White, R.M.},
  journal={IEEE Transactions on Ultrasonics, Ferroelectrics, and Frequency Control}, 
  title={A Sensor Classification Scheme}, 
  year={1987},
  volume={34},
  number={2},
  pages={124-126},
  doi={10.1109/T-UFFC.1987.26922}
}
@ARTICLE{seifert19,
  author={Seifert, Ann-Kathrin and Amin, Moeness G. and Zoubir, Abdelhak M.},
  journal={IEEE Transactions on Biomedical Engineering}, 
  title={Toward Unobtrusive In-Home Gait Analysis Based on Radar Micro-Doppler Signatures}, 
  year={2019},
  volume={66},
  number={9},
  pages={2629-2640},
  doi={10.1109/TBME.2019.2893528}
}
@INPROCEEDINGS{liu12,
  author={Liu, Liang and Popescu, Mihail and Rantz, Marilyn and Skubic, Marjorie},
  booktitle={Proceedings of 2012 IEEE-EMBS International Conference on Biomedical and Health Informatics}, 
  title={Fall detection using doppler radar and classifier fusion}, 
  year={2012},
  volume={},
  number={},
  pages={180-183},
  doi={10.1109/BHI.2012.6211539}
}
@ARTICLE{kim16,
  author={Kim, Youngwook and Moon, Taesup},
  journal={IEEE Geoscience and Remote Sensing Letters}, 
  title={Human Detection and Activity Classification Based on Micro-Doppler Signatures Using Deep Convolutional Neural Networks}, 
  year={2016},
  volume={13},
  number={1},
  pages={8-12},
  doi={10.1109/LGRS.2015.2491329}
}
@article{alexnet,
    author = {Krizhevsky, Alex and Sutskever, Ilya and Hinton, Geoffrey E.},
    title = {ImageNet Classification with Deep Convolutional Neural Networks},
    year = {2017},
    issue_date = {June 2017},
    publisher = {Association for Computing Machinery},
    address = {New York, NY, USA},
    volume = {60},
    number = {6},
    issn = {0001-0782},
    url = {https://doi.org/10.1145/3065386},
    doi = {10.1145/3065386},
    abstract = {We trained a large, deep convolutional neural network to classify the 1.2 million high-resolution images in the ImageNet LSVRC-2010 contest into the 1000 different classes. On the test data, we achieved top-1 and top-5 error rates of 37.5\% and 17.0\%, respectively, which is considerably better than the previous state-of-the-art. The neural network, which has 60 million parameters and 650,000 neurons, consists of five convolutional layers, some of which are followed by max-pooling layers, and three fully connected layers with a final 1000-way softmax. To make training faster, we used non-saturating neurons and a very efficient GPU implementation of the convolution operation. To reduce overfitting in the fully connected layers we employed a recently developed regularization method called "dropout" that proved to be very effective. We also entered a variant of this model in the ILSVRC-2012 competition and achieved a winning top-5 test error rate of 15.3\%, compared to 26.2\% achieved by the second-best entry.},
    journal = {Commun. ACM},
    month = {may},
    pages = {84–90},
    numpages = {7}
}
@INPROCEEDINGS{c3d,
  author={He, Kaiming and Gkioxari, Georgia and Dollár, Piotr and Girshick, Ross},
  booktitle={2017 IEEE International Conference on Computer Vision (ICCV)}, 
  title={Mask R-CNN}, 
  year={2017},
  volume={},
  number={},
  pages={2980-2988},
  doi={10.1109/ICCV.2017.322}
}
@article{cippitelli16,
  title={A human activity recognition system using skeleton data from RGBD sensors},
  author={Cippitelli, Enea and Gasparrini, Samuele and Gambi, Ennio and Spinsante, Susanna},
  journal={Computational intelligence and neuroscience},
  volume={2016},
  year={2016},
  publisher={Hindawi}
}
@INPROCEEDINGS{han05,
  author={Ju Han and Bhanu, B.},
  booktitle={2005 IEEE Computer Society Conference on Computer Vision and Pattern Recognition (CVPR'05) - Workshops}, 
  title={Human Activity Recognition in Thermal Infrared Imagery}, 
  year={2005},
  volume={},
  number={},
  pages={17-17},
  doi={10.1109/CVPR.2005.469}
}
@article{tao18,
  author    = {Lili Tao and
               Timothy Volonakis and
               Bo Tan and
               Yanguo Jing and
               Kevin Chetty and
               Melvyn L. Smith},
  title     = {Home Activity Monitoring using Low Resolution Infrared Sensor},
  journal   = {CoRR},
  volume    = {abs/1811.05416},
  year      = {2018},
  url       = {http://arxiv.org/abs/1811.05416},
  eprinttype = {arXiv},
  eprint    = {1811.05416},
  timestamp = {Thu, 09 Jun 2022 16:05:00 +0200},
  biburl    = {https://dblp.org/rec/journals/corr/abs-1811-05416.bib},
  bibsource = {dblp computer science bibliography, https://dblp.org}
}
@online{SDL2,
    title={Simple DirectMedia Layer},
    url={https://libsdl.org/},
    urldate={2023-02-13},
}
@online{portaudio,
    title={PortAudio: Portable Cross-platform Audio I/O},
    url={http://www.portaudio.com/},
    urldate={2023-02-13},
}
@online{python-sockets,
    title={Socket: Low-level networking interface},
    url={https://docs.python.org/3/library/socket.html},
    urldate={2023-03-06},
}
@online{python-gil,
    title={Python Glossary: Global Interpreter Lock},
    url={https://docs.python.org/3/glossary.html#term-global-interpreter-lock},
    urldate={2023-03-06},
}
@online{developer-survey,
    title={StackOverflow developer survey 2022},
    url={https://survey.stackoverflow.co/2022},
    urldate={2023-03-06}
}
@online{python-asyncio,
    title={Asyncio: Asynchronous I/O},
    url={https://docs.python.org/3/library/asyncio.html},
    urldate={2023-03-06}
}
@online{python-threading,
    title={Threading: Thread-based parallelism},
    url={https://docs.python.org/3/library/threading.html},
    urldate={2023-03-06}
}
@online{python-multiprocessing,
    title={Multiprocessing: Process-based parallelism},
    url={https://docs.python.org/3/library/multiprocessing.html},
    urldate={2023-03-06}
}
@online{python-serial,
    title={PySerial},
    url={https://pythonhosted.org/pyserial/},
    urldate={2023-03-06}
}

@INPROCEEDINGS{2d-music-van-rossum,
  author={Belfiori, Francesco and van Rossum, Wim and Hoogeboom, Peter},
  booktitle={2012 9th European Radar Conference}, 
  title={Application of 2D MUSIC algorithm to range-azimuth FMCW radar data}, 
  year={2012},
  volume={},
  number={},
  pages={242-245},
  doi={}
}

@INPROCEEDINGS{music-based-algo,
  author={Manokhin, Gleb O. and Erdyneev, Zhargal T. and Geltser, Andrey A. and Monastyrev, Evgeny A.},
  booktitle={2015 IEEE 15th Mediterranean Microwave Symposium (MMS)}, 
  title={MUSIC-based algorithm for range-azimuth FMCW radar data processing without estimating number of targets}, 
  year={2015},
  volume={},
  number={},
  pages={1-4},
  doi={10.1109/MMS.2015.7375471}
}
@ARTICLE{fbss-techniques,
  author={Pillai, S.U. and Kwon, B.H.},
  journal={IEEE Transactions on Acoustics, Speech, and Signal Processing}, 
  title={Forward/backward spatial smoothing techniques for coherent signal identification}, 
  year={1989},
  volume={37},
  number={1},
  pages={8-15},
  doi={10.1109/29.17496}
}
@ARTICLE{wax-kailath-85,
  author={Wax, M. and Kailath, T.},
  journal={IEEE Transactions on Acoustics, Speech, and Signal Processing}, 
  title={Detection of signals by information theoretic criteria}, 
  year={1985},
  volume={33},
  number={2},
  pages={387-392},
  doi={10.1109/TASSP.1985.1164557}
}
@ARTICLE{mean-level-detection,
  author={Dillard, George M.},
  journal={IEEE Transactions on Aerospace and Electronic Systems}, 
  title={Mean-Level Detection of Nonfluctuating Signals}, 
  year={1974},
  volume={AES-10},
  number={6},
  pages={795-799},
  doi={10.1109/TAES.1974.307886}
}
@ARTICLE{distribution-free-detection,
  author={Dillard, George M. and Antoniak, Charles E.},
  journal={IEEE Transactions on Aerospace and Electronic Systems}, 
  title={A Practical Distribution-Free Detection Procedure for Multiple-Range-Bin Radars}, 
  year={1970},
  volume={AES-6},
  number={5},
  pages={629-635},
  doi={10.1109/TAES.1970.310063}
}
@ARTICLE{fast-two-dimensional-cfar,
  author={Kronauge, Matthias and Rohling, Hermann},
  journal={IEEE Transactions on Aerospace and Electronic Systems}, 
  title={Fast Two-Dimensional CFAR Procedure}, 
  year={2013},
  volume={49},
  number={3},
  pages={1817-1823},
  doi={10.1109/TAES.2013.6558022}
}
@article{neyman-pearson,
    author = {Neyman, Jerzy  and Pearson, Egon Sharpe  and Pearson, Karl },
    title = {IX. On the problem of the most efficient tests of statistical hypotheses},
    journal = {Philosophical Transactions of the Royal Society of London. Series A, Containing Papers of a Mathematical or Physical Character},
    volume = {231},
    number = {694-706},
    pages = {289-337},
    year = {1933},
    doi = {10.1098/rsta.1933.0009},
    URL = {https://royalsocietypublishing.org/doi/abs/10.1098/rsta.1933.0009},
    eprint = {https://royalsocietypublishing.org/doi/pdf/10.1098/rsta.1933.0009},
}
@inproceedings{nato-radar-topics,
    author="Rohling, H.",
    editor="Byrnes, Jim
    and Ostheimer, Gerald",
    title="SOME RADAR TOPICS: WAVEFORM DESIGN, RANGE CFAR AND TARGET RECOGNITION",
    booktitle="Advances in Sensing with Security Applications",
    year="2006",
    publisher="Springer Netherlands",
    address="Dordrecht",
    pages="293--322",
    isbn="978-1-4020-4295-9"
}
@ARTICLE{radar-cfar-thresholding-in-clitter-and-multiple-target-situations,
  author={Rohling, Hermann},
  journal={IEEE Transactions on Aerospace and Electronic Systems}, 
  title={Radar CFAR Thresholding in Clutter and Multiple Target Situations}, 
  year={1983},
  volume={AES-19},
  number={4},
  pages={608-621},
  doi={10.1109/TAES.1983.309350}
}
@book{modern-radar-1,
   title =     {Principles of Modern Radar: Basic Principles},
   author =    {Mark A. Richards, James A. Scheer, William A. Holm},
   publisher = {SciTech Publishing},
   isbn =      {1891121529, 9781891121524},
   year =      {2010},
   series =    {},
   edition =   {},
   volume =    {1}
}
@ARTICLE{kalman1,
  author={Daum, F. and Fitzgerald, R.},
  journal={IEEE Transactions on Automatic Control}, 
  title={Decoupled Kalman filters for phased array radar tracking}, 
  year={1983},
  volume={28},
  number={3},
  pages={269-283},
  doi={10.1109/TAC.1983.1103242}
}
@ARTICLE{kalman2,
  author={Pearson, John B. and Stear, Edwin B.},
  journal={IEEE Transactions on Aerospace and Electronic Systems}, 
  title={Kalman Filter Applications in Airborne Radar Tracking}, 
  year={1974},
  volume={AES-10},
  number={3},
  pages={319-329},
  doi={10.1109/TAES.1974.307824}
}
@article{tex-mesh,
  author       = {Tiancheng Zhi and
                  Christoph Lassner and
                  Tony Tung and
                  Carsten Stoll and
                  Srinivasa G. Narasimhan and
                  Minh Vo},
  title        = {TexMesh: Reconstructing Detailed Human Texture and Geometry from {RGB-D}
                  Video},
  journal      = {CoRR},
  volume       = {abs/2008.00158},
  year         = {2020},
  url          = {https://arxiv.org/abs/2008.00158},
  eprinttype    = {arXiv},
  eprint       = {2008.00158},
  timestamp    = {Fri, 07 Aug 2020 15:07:21 +0200},
  biburl       = {https://dblp.org/rec/journals/corr/abs-2008-00158.bib},
  bibsource    = {dblp computer science bibliography, https://dblp.org}
}
@article{a2j,
  author       = {Fu Xiong and
                  Boshen Zhang and
                  Yang Xiao and
                  Zhiguo Cao and
                  Taidong Yu and
                  Joey Tianyi Zhou and
                  Junsong Yuan},
  title        = {{A2J:} Anchor-to-Joint Regression Network for 3D Articulated Pose
                  Estimation from a Single Depth Image},
  journal      = {CoRR},
  volume       = {abs/1908.09999},
  year         = {2019},
  url          = {http://arxiv.org/abs/1908.09999},
  eprinttype    = {arXiv},
  eprint       = {1908.09999},
  timestamp    = {Tue, 25 May 2021 17:28:39 +0200},
  biburl       = {https://dblp.org/rec/journals/corr/abs-1908-09999.bib},
  bibsource    = {dblp computer science bibliography, https://dblp.org}
}
@article{double-fusion,
  author       = {Tao Yu and
                  Zerong Zheng and
                  Kaiwen Guo and
                  Jianhui Zhao and
                  Qionghai Dai and
                  Hao Li and
                  Gerard Pons{-}Moll and
                  Yebin Liu},
  title        = {DoubleFusion: Real-time Capture of Human Performances with Inner Body
                  Shapes from a Single Depth Sensor},
  journal      = {CoRR},
  volume       = {abs/1804.06023},
  year         = {2018},
  url          = {http://arxiv.org/abs/1804.06023},
  eprinttype    = {arXiv},
  eprint       = {1804.06023},
  timestamp    = {Mon, 02 May 2022 07:47:01 +0200},
  biburl       = {https://dblp.org/rec/journals/corr/abs-1804-06023.bib},
  bibsource    = {dblp computer science bibliography, https://dblp.org}
}
@article{openpose,
  author = {Z. {Cao} and G. {Hidalgo Martinez} and T. {Simon} and S. {Wei} and Y. A. {Sheikh}},
  journal = {IEEE Transactions on Pattern Analysis and Machine Intelligence},
  title = {OpenPose: Realtime Multi-Person 2D Pose Estimation using Part Affinity Fields},
  year = {2019}
}
@manual{minidsp-spec,
    organization={MiniDSP},
    title={UMA-16 v2 Microphone Array},
    year={2022},
    url={https://www.minidsp.com/images/documents/Product%20Brief-UMA16%20v2.pdf},
    version={1.1},
    urldate={2023-05-21},
}
@INPROCEEDINGS{running-walking,
  author={Song-Mi Lee and Sang Min Yoon and Heeryon Cho},
  booktitle={2017 IEEE International Conference on Big Data and Smart Computing (BigComp)}, 
  title={Human activity recognition from accelerometer data using Convolutional Neural Network}, 
  year={2017},
  volume={},
  number={},
  pages={131-134},
  doi={10.1109/BIGCOMP.2017.7881728}
}
@ARTICLE{breathing,
  author={Rahman, Ashikur and Lubecke, Victor M. and Boric–Lubecke, Olga and Prins, Jan H. and Sakamoto, Takuya},
  journal={IEEE Journal on Emerging and Selected Topics in Circuits and Systems}, 
  title={Doppler Radar Techniques for Accurate Respiration Characterization and Subject Identification}, 
  year={2018},
  volume={8},
  number={2},
  pages={350-359},
  doi={10.1109/JETCAS.2018.2818181}
}
@ARTICLE{falling,
  author={Li, Yun and Ho, K. C. and Popescu, Mihail},
  journal={IEEE Transactions on Biomedical Engineering}, 
  title={A Microphone Array System for Automatic Fall Detection}, 
  year={2012},
  volume={59},
  number={5},
  pages={1291-1301},
  doi={10.1109/TBME.2012.2186449}
}
@article{shoplifting,
    author = {Mohd. Aquib Ansari and Dushyant Kumar Singh},
    doi = {doi:10.2478/cait-2022-0012},
    url = {https://doi.org/10.2478/cait-2022-0012},
    title = {ESAR, An Expert Shoplifting Activity Recognition System},
    journal = {Cybernetics and Information Technologies},
    number = {1},
    volume = {22},
    year = {2022},
    pages = {190--200}
}
@article{operatingroom,
  title={Context-based hand gesture recognition for the operating room},
  author={Jacob, Mithun George and Wachs, Juan Pablo},
  journal={Pattern Recognition Letters},
  volume={36},
  pages={196--203},
  year={2014},
  publisher={Elsevier}
}
@article{handgestures,
    author = {Lien, Jaime and Gillian, Nicholas and Karagozler, M. Emre and Amihood, Patrick and Schwesig, Carsten and Olson, Erik and Raja, Hakim and Poupyrev, Ivan},
    title = {Soli: Ubiquitous Gesture Sensing with Millimeter Wave Radar},
    year = {2016},
    issue_date = {July 2016},
    publisher = {Association for Computing Machinery},
    address = {New York, NY, USA},
    volume = {35},
    number = {4},
    issn = {0730-0301},
    url = {https://doi.org/10.1145/2897824.2925953},
    doi = {10.1145/2897824.2925953},
    journal = {ACM Trans. Graph.},
    month = {jul},
    articleno = {142},
    numpages = {19},
}
@INPROCEEDINGS{parkinsson,
  author={Aversano, Lerina and Bernardi, Mario Luca and Cimitile, Marta and Pecori, Riccardo},
  booktitle={2020 International Joint Conference on Neural Networks (IJCNN)}, 
  title={Early Detection of Parkinson Disease using Deep Neural Networks on Gait Dynamics}, 
  year={2020},
  volume={},
  number={},
  pages={1-8},
  doi={10.1109/IJCNN48605.2020.9207380}
}
@ARTICLE{wearables,
  author={Lara, Oscar D. and Labrador, Miguel A.},
  journal={IEEE Communications Surveys & Tutorials}, 
  title={A Survey on Human Activity Recognition using Wearable Sensors}, 
  year={2013},
  volume={15},
  number={3},
  pages={1192-1209},
  doi={10.1109/SURV.2012.110112.00192}
}
@article{depth,
  title={Designing and evaluating safety services using depth cameras},
  author={Mettel, Matthias Ruben and Alekseew, Michael and Stockl{\"o}w, Carsten and Braun, Andreas},
  journal={Journal of Ambient Intelligence and Humanized Computing},
  volume={10},
  pages={747--759},
  year={2019},
  publisher={Springer}
}
@ARTICLE{depth-2,
  author={Ni, Bingbing and Pei, Yong and Moulin, Pierre and Yan, Shuicheng},
  journal={IEEE Transactions on Cybernetics}, 
  title={Multilevel Depth and Image Fusion for Human Activity Detection}, 
  year={2013},
  volume={43},
  number={5},
  pages={1383-1394},
  doi={10.1109/TCYB.2013.2276433}
}
@article{radar-syrvey,
  title={A survey of deep learning-based human activity recognition in radar},
  author={Li, Xinyu and He, Yuan and Jing, Xiaojun},
  journal={Remote Sensing},
  volume={11},
  number={9},
  pages={1068},
  year={2019},
  publisher={MDPI}
}
@inproceedings{ir-household,
  title={Monitoring household activities and user location with a cheap, unobtrusive thermal sensor array},
  author={Hevesi, Peter and Wille, Sebastian and Pirkl, Gerald and Wehn, Norbert and Lukowicz, Paul},
  booktitle={Proceedings of the 2014 ACM international joint conference on pervasive and ubiquitous computing},
  pages={141--145},
  year={2014}
}
@article{ir-simple-activities,
  title={Static and dynamic activity detection with ambient sensors in smart spaces},
  author={Shelke, Sagar and Aksanli, Baris},
  journal={Sensors},
  volume={19},
  number={4},
  pages={804},
  year={2019},
  publisher={MDPI}
}
@ARTICLE{fusion1,
  author={Das, Avigyan and Sil, Pritam and Singh, Pawan Kumar and Bhateja, Vikrant and Sarkar, Ram},
  journal={IEEE Sensors Journal}, 
  title={MMHAR-EnsemNet: A Multi-Modal Human Activity Recognition Model}, 
  year={2021},
  volume={21},
  number={10},
  pages={11569-11576},
  doi={10.1109/JSEN.2020.3034614}
}
@ARTICLE{fusion2,
  author={Bharti, Pratool and De, Debraj and Chellappan, Sriram and Das, Sajal K.},
  journal={IEEE Transactions on Mobile Computing}, 
  title={HuMAn: Complex Activity Recognition with Multi-Modal Multi-Positional Body Sensing}, 
  year={2019},
  volume={18},
  number={4},
  pages={857-870},
  doi={10.1109/TMC.2018.2841905}
}
@article{transfer,
  title={Transfer learning for activity recognition: A survey},
  author={Cook, Diane and Feuz, Kyle D and Krishnan, Narayanan C},
  journal={Knowledge and information systems},
  volume={36},
  pages={537--556},
  year={2013},
  publisher={Springer}
}
@online{github-link,
    author={Juhani Kupiainen},
    title={MasterThesis},
    year={2023},
    url={https://github.com/TeeKups/MasterThesis},
    urldate={2023-05-23},
}